<?xml version="1.0" encoding="UTF-8"?><collection xmlns="http://www.loc.gov/MARC21/slim"><record><leader>00499nam--2200145-i-4500</leader><controlfield tag="001">000001124</controlfield><controlfield tag="002">20161230</controlfield><controlfield tag="005">20161230201024</controlfield><controlfield tag="008">060222s1000------------r-----000-0-eng-d</controlfield><datafield ind1=" " ind2=" " tag="080"><subfield code="a">543.53(047.1)</subfield></datafield><datafield ind1=" " ind2=" " tag="100"><subfield code="a">Goles,G.G., Jerome, D.Y</subfield></datafield><datafield ind1=" " ind2=" " tag="245"><subfield code="a">A re-examination of relationships among pyroxene - plagioclase achondrites</subfield></datafield><datafield ind1=" " ind2=" " tag="260"><subfield code="a">Paris, Faculte Des Sciences, 1970. /261-266 P</subfield></datafield><datafield ind1=" " ind2=" " tag="490"><subfield code="a">Activation Analysis In Geochemistry And Cosmochemistry A.O.Brunfelt And E.Steinnes, Edit</subfield></datafield><datafield ind1=" " ind2=" " tag="852"><subfield code="a">40402</subfield></datafield></record></collection>